@techreport{hardy:2007,
 author = {Will Hardy},
 title = {{Comparing Web Development Platforms Through the Eyes of Professional Developers}},
 institution = {{Freie Universität Berlin, Institut für Informatik}},
 url = "http://www.mi.fu-berlin.de/inf/publications/techreports/tr2007/B-07-14/index.html",
 urldate = {2012-11-26},
 month = {11},
 year = {2007},
}

@inproceedings{Mikkonen:2008:WAS:1443226.1444030,
 author = {Mikkonen, Tommi and Taivalsaari, Antero},
 title = {Web Applications - Spaghetti Code for the 21st Century},
 booktitle = {Proceedings of the 2008 Sixth International Conference on Software Engineering Research, Management and Applications},
 series = {SERA '08},
 year = {2008},
 isbn = {978-0-7695-3302-5},
 pages = {319--328},
 numpages = {10},
 url = {http://dx.doi.org/10.1109/SERA.2008.16},
 doi = {10.1109/SERA.2008.16},
 acmid = {1444030},
 publisher = {IEEE Computer Society},
 address = {Washington, DC, USA},
 keywords = {Web applications, software engineering for the web},
}
